<?xml version="1.0" encoding="UTF-8"?><collection xmlns="http://www.loc.gov/MARC21/slim"><record><leader>00339nam--2200121-i-4500</leader><controlfield tag="001">000043985</controlfield><controlfield tag="002">20161230</controlfield><controlfield tag="005">20161230201044</controlfield><controlfield tag="008">060222s1000------------r-----000-0-eng-d</controlfield><datafield ind1=" " ind2=" " tag="080"><subfield code="a">681.3.06</subfield></datafield><datafield ind1=" " ind2=" " tag="245"><subfield code="a">Textes de travaux pratiques de programmation i.b.m.7044 - langaage map</subfield></datafield><datafield ind1=" " ind2=" " tag="260"><subfield code="a">Grenoble, Inst.Polytechnique, 1966, 24p</subfield></datafield><datafield ind1=" " ind2=" " tag="852"><subfield code="a">27570</subfield></datafield></record></collection>